@techreport{Lundberg2017,
    title = {{A unified approach to interpreting model predictions}},
    year = {2017},
    booktitle = {Advances in Neural Information Processing Systems},
    author = {Lundberg, Scott M. and Lee, Su In},
    pages = {4766--4775},
    volume = {2017-Decem},
    url = {https://github.com/slundberg/shap},
    issn = {10495258},
    arxivId = {1705.07874}
}

@techreport{Aquinastrust2019,
    title = {{Aquinas Church of England Education Trust}},
    year = {2019},
    author = {{Aquinas Trust}},
    url = {https://www.aquinastrust.org/images/policies-documents/Gender_pay_gap/Gender_Pay_Gap_Reporting_March_2019.pdf}
}

@misc{oecd-gpg-data,
    title = {{Employment : Gender wage gap}},
    url = {https://stats.oecd.org/index.aspx?queryid=54751}
}

@misc{us-census-2018,
    title = {{Equal Pay Day}},
    url = {https://www.census.gov/newsroom/stories/2018/equal-pay.html}
}

@misc{gov-uk-gpg-data,
    title = {{Gender pay gap}},
    year = {2019},
    booktitle = {Veterinary Record},
    number = {17},
    pages = {529},
    volume = {184},
    url = {https://gender-pay-gap.service.gov.uk/viewing/download},
    doi = {10.1136/vr.l1707},
    issn = {00424900}
}

@misc{ons-gpg-data,
    title = {{Gender pay gap - Office for National Statistics}},
    url = {https://www.ons.gov.uk/employmentandlabourmarket/peopleinwork/earningsandworkinghours/datasets/Annualsurveyofhoursandearningsashegenderpaygaptables}
}

@misc{ONS2018,
    title = {{Gender pay gap in the UK - Office for National Statistics}},
    year = {2018},
    booktitle = {Office for National Statistics},
    author = {{ONS}},
    pages = {1--33},
    url = {https://www.ons.gov.uk/employmentandlabourmarket/peopleinwork/earningsandworkinghours/bulletins/genderpaygapintheuk/2018}
}

@misc{europa.eu-gpg-data,
    title = {{Gender pay gap in unadjusted form - Datasets}},
    url = {https://data.europa.eu/euodp/en/data/dataset/EiSejnxIW1i4PfABB7cwYg}
}

@techreport{PenkValleyAcademyTrust2019,
    title = {{Gender Pay Gap report for Penk Valley Academy Trust}},
    year = {2019},
    author = {{Penk Valley Academy Trust}},
    url = {http://www.penkvalley.co.uk/wp-content/uploads/Gender-Pay-Gap-report-for-Penk-Valley-Academy-Trust-March-2019.pdf}
}

@misc{gov-uk-gpg-reporting-overview,
    title = {{Gender pay gap reporting: overview - GOV.UK}},
    year = {2019},
    author = {{GOV UK Staff}},
    url = {https://www.gov.uk/guidance/gender-pay-gap-reporting-overview}
}

@misc{payscale-2020-gpg-report,
    title = {{Gender Pay Gap Statistics for 2020 | PayScale}},
    url = {https://www.payscale.com/data/gender-pay-gap}
}

@misc{gla-london-pay-gaps,
    title = {{Gender Pay Gaps in London}},
    year = {2019},
    booktitle = {London Datastore},
    author = {{Greater London Authority (GLA)}},
    url = {https://data.london.gov.uk/dataset/gender-pay-gaps}
}

@techreport{ElevateMultiAcademyTrust2020,
    title = {{Gender Pay Reporting Statement}},
    year = {2020},
    author = {{Elevate Multi Academy Trust}},
    number = {March},
    url = {https://www.elevatemat.org/governance/key-documents}
}

@misc{worldbank-gender-data,
    title = {{Gender Statistics | DataBank}},
    url = {https://databank.worldbank.org/source/gender-statistics}
}

@misc{gendergap.AFRICA,
    title = {{GenderGap.AFRICA}},
    url = {https://gendergap.africa/}
}

@misc{wef-gpg-report-2020,
    title = {{Global Gender Gap Report 2020 | World Economic Forum}},
    url = {https://www.weforum.org/reports/gender-gap-2020-report-100-years-pay-equality}
}

@misc{ilo-data,
    title = {{Home - ILOSTAT - The leading source of labour statistics}},
    url = {https://ilostat.ilo.org/}
}

@book{Molnar2020,
    title = {{Interpretable Machine Learning}},
    year = {2020},
    author = {Molnar, Christoph},
    url = {https://christophm.github.io/interpretable-ml-book/},
    doi = {10.1201/9780367816377-16}
}

@techreport{Wright2018,
    title = {{Interpreting Black-Box Machine Learning Models Using Partial Dependence and Individual Conditional Expectation Plots}},
    year = {2018},
    author = {Wright, Ray},
    pages = {1950--2018},
    url = {https://www.sas.com/content/dam/SAS/support/en/sas-global-forum-proceedings/2018/1950-2018.pdf}
}

@techreport{ACAS2018,
    title = {{Managing gender pay reporting}},
    year = {2018},
    author = {{ACAS}},
    number = {February},
    url = {www.acas.org.uk.}
}

@techreport{OfficeforNationalStatistics2019,
    title = {{Office for National Statistics}},
    year = {2019},
    booktitle = {UNEM01 SA: Unemployment by age and duration (seasonally adjusted)},
    author = {{Office for National Statistics}},
    url = {https://www.ons.gov.uk/employmentandlabourmarket/peoplenotinwork/unemployment/datasets/unemploymentbyageanddurationseasonallyadjustedunem01sa}
}

@article{Altmann2010,
    title = {{Permutation importance: A corrected feature importance measure}},
    year = {2010},
    journal = {Bioinformatics},
    author = {Altmann, André and Tolo{\c{s}}i, Laura and Sander, Oliver and Lengauer, Thomas},
    number = {10},
    pages = {1340--1347},
    volume = {26},
    url = {http://www.mpi-inf.mpg.de/~altmann/download/PIMP.},
    doi = {10.1093/bioinformatics/btq134},
    issn = {13674803}
}

@article{Breiman2001a,
    title = {{Random forests}},
    year = {2001},
    journal = {Machine Learning},
    author = {Breiman, Leo},
    number = {1},
    month = {10},
    pages = {5--32},
    volume = {45},
    publisher = {Springer},
    doi = {10.1023/A:1010933404324},
    issn = {08856125},
    keywords = {Classification, Ensemble, Regression}
}

@techreport{Pedregosa2011,
    title = {{Scikit-learn: Machine Learning in Python}},
    year = {2011},
    booktitle = {Journal of Machine Learning Research},
    author = {Pedregosa, Fabian and Weiss, Ron and Brucher, Matthieu and Varoquaux, Gaël and Gramfort, Alexandre and Michel, Vincent and Thirion, Bertrand and Grisel, Olivier and Blondel, Mathieu and Prettenhofer, Peter and Weiss, Ron and Dubourg, Vincent and Vanderplas, Jake and Passos, Alexandre and Cournapeau, David and Brucher, Matthieu and Perrot, Matthieu and Duchesnay, Édouard},
    pages = {2825--2830},
    volume = {12},
    url = {http://jmlr.csail.mit.edu/papers/v12/pedregosa11a.html%5Cnhttp://arxiv.org/abs/1201.0490},
    isbn = {1532-4435},
    issn = {15324435},
    arxivId = {1201.0490},
    keywords = {Python, model selection, supervised learning, unsupervised learning}
}

@techreport{GOVUK2017,
    title = {{The Equality Act 2010 (Gender Pay Gap Information) Regulations 2017}},
    year = {2017},
    author = {{GOV.UK}},
    url = {http://www.legislation.gov.uk/uksi/2017/172/pdfs/uksi_20170172_en.pdf}
}

@techreport{Veneziano2017,
    title = {{The Equality Act 2010 (Specific Duties and Public Authorities)}},
    year = {2017}
}

@article{Maschinen,
    title = {{The Gender Pay Gap explained}},
    year = {2016},
    journal = {Equality and Human Rights Commission},
    author = {{Equality and Human Rights Commission}},
    number = {1},
    pages = {2},
    url = {https://www.equalityhumanrights.com/en/pay-gaps-explained}
}

@techreport{Kahn2013,
    title = {{Understanding International Differences in the Gender Pay Gap}},
    year = {2013},
    booktitle = {Gender, Inequality, and Wages},
    author = {Kahn, Lawrence M.},
    number = {1},
    pages = {2020},
    volume = {21},
    url = {http://www.journals.uchicago.edu/t-and-c},
    isbn = {9780191745805},
    doi = {10.1093/acprof:oso/9780199665853.003.0007},
    keywords = {Gender pay gap, Labour market institutions, Wage differentials, Wage inequality}
}

@article{2015_Book_EfficientLearningMachines,
    title = {{2015{\_}Book{\_}EfficientLearningMachines}}
}

@article{BureauEqualDay,
    title = {{Equal Pay Day}},
    author = {Bureau, US Census},
    keywords = {us-census}
}

@article{Geurts2006ExtremelyTrees,
    title = {{Extremely randomized trees}},
    year = {2006},
    journal = {Machine Learning},
    author = {Geurts, Pierre and Ernst, Damien and Wehenkel, Louis},
    number = {1},
    month = {4},
    pages = {3--42},
    volume = {63},
    publisher = {Springer},
    doi = {10.1007/s10994-006-6226-1},
    issn = {08856125},
    keywords = {Bias/variance tradeoff, Cut-point randomization, Decision and regression trees, Ensemble methods, Kernel-based models, Supervised learning}
}

@misc{TuneLearning,
    title = {{Tune a Random Forest model's parameters for Machine Learning}},
    url = {https://www.analyticsvidhya.com/blog/2015/06/tuning-random-forest-model/}
}

@misc{Statista,
    title = {{• Gender pay gap index in Latin America by country 2020 | Statista}},
    url = {https://www.statista.com/statistics/806368/latin-america-gender-pay-gap-index/}
}

@misc{Statistab,
    title = {{• U.S. gender wage gap, by industry 2018 | Statista}},
    url = {https://www.statista.com/statistics/244202/us-gender-wage-gap-by-industry/}
}