@article{owideconomicinequalitybygender,
    author = {Esteban Ortiz-Ospina and Max Roser},
    title = {Economic inequality by gender},
    journal = {Our World in Data},
    year = {2020},
    note = {https://ourworldindata.org/economic-inequality-by-gender}
}

@misc{govuk-gender-pay-gap-service,
    title={Search and compare gender pay gap},
    year={2020},
    last_accessed={2020-04-20},
    url={https://gender-pay-gap.service.gov.uk/}
}

@misc{govuk-how-to-calculate,
    title={Gender pay gap reporting: make your calculations},
    year={2020},
    last_accessed={2020-04-17},
    url={https://www.gov.uk/guidance/gender-pay-gap-reporting-make-your-calculations}
}

@misc{pandas-get-dummies,
    title={Pandas 1.0.3 documentation - get\_dummies},
    year={2014},
    last_accessed={2020-04-17},
    url={https://pandas.pydata.org/pandas-docs/stable/reference/api/pandas.get\_dummies.html}
}

@inproceedings{sic-codes-2007,
   year={2009},
   title={Indexes to the UK Standard Industrial Classification of Economic Activities 2007},
   author={Office for National Statistics},
   publisher={National Statistics}
}

@article{brynin2017gender,
  title={The gender pay gap},
  author={Brynin, Malcolm},
  journal={Equality and Human Rights Commission Research Report},
  number={109},
  year={2017}
}
@article{olsen2014gender,
  title={The gender pay gap in the UK labour market},
  author={Olsen, Wendy and Gash, Vanessa and Heuvelman, Hein and Walthery, Pierre},
  journal={Gender Inequality in the Labour Market in the UK},
  pages={52},
  year={2014},
  publisher={Oxford University Press, USA}
}
@book{gov-equalities-office-research-report,
    title = "The Gender Pay Gap in the UK 1995-2007: Research report number 1",
    author = "W. Olsen and V. Gash and L. Vandecasteele and Pierre Walthery and H. Heuvelman",
    year = "2010",
    language = "English",
    publisher = "Government Equalities Office",
    address = "United Kingdom",
}

@article{leibbrandt2014,
     author={Leibbrandt, A and List, J. A.},
     year={2014},
     title={Do women avoid salary negotiations? Evidence from a large-scale natural field experiment},
     journal={Management Science},
     volume={61},
     issue={9},
     pp={2016--2024}
}

@article{extra-tree-regressor,
    author = {Geurts, Pierre and Ernst, Damien and Wehenkel, Louis},
    year = {2006},
    month = {04},
    pages = {3-42},
    title = {Extremely Randomized Trees},
    volume = {63},
    journal = {Machine Learning},
    doi = {10.1007/s10994-006-6226-1}
}

@inproceedings{tpot-automl,
    author = {Olson, Randal S. and Bartley, Nathan and Urbanowicz, Ryan J. and Moore, Jason H.},
    title = {Evaluation of a Tree-Based Pipeline Optimization Tool for Automating Data Science},
    year = {2016},
    isbn = {9781450342063},
    publisher = {Association for Computing Machinery},
    address = {New York, NY, USA},
    url = {https://doi.org/10.1145/2908812.2908918},
    doi = {10.1145/2908812.2908918},
    booktitle = {Proceedings of the Genetic and Evolutionary Computation Conference 2016},
    pages = {485–492},
    numpages = {8},
    keywords = {pipeline optimization, hyperparameter optimization, data science, python, machine learning, genetic programming, Pareto optimization},
    location = {Denver, Colorado, USA},
    series = {GECCO ’16}
}

@misc{equality-act-gpg-regulations,
    title={The Equality Act 2010 (Gender Pay Gap Information) Regulations 2017},
    url={https://www.legislation.gov.uk/ukdsi/2017/9780111152010},
    year={2017}
}
  
@article{polachek2009,
    author = {Polachek, Solomon and Xiang, Jun},
    year = {2009},
    month = {10},
    pages = {},
    title = {The Gender Pay Gap across Countries: A Human Capital Approach},
    journal = {SOEP Papers},
    doi = {10.2139/ssrn.1498516}
}

@article{Lukas2011,
    author={Lukas, Carrie},
    year={2011},
    month={April},
    day={11},
    title={There Is No Male-Female Wage Gap},
    journal={The Wall Street Journal},
    url={https://www.wsj.com/articles/SB10001424052748704415104576250672504707048},
    last_accessed={2020-04-20}

}

@article{montenegro-chile,
    author = {Montenegro, Claudio},
    year = {2001},
    month = {12},
    title = {Wage Distribution in Chile: Does Gender Matter? A Quantile Regression Approach},
    institution={The World Bank Development Research Group/Poverty Reduction and Economic Management Network},
    journal={POLICY RESEARCH REPORT ON GENDER AND DEVELOPMENT},
    volume={Working Paper Series No. 20}
}

@article{german-regional,
    author = {Hirsch, Boris and König, Marion and Moeller, Joachim},
    year = {2013},
    month = {07},
    pages = {412-439},
    title = {Is there a gap in the gap? Regional differences in the gender pay gap Hirsch, Boris; König, Marion; Möller, Joachim (2013): Is there a gap in the gap? Regional differences in the gender pay gap.},
    volume = {60},
    journal = {Scottish Journal of Political Economy}
}

@article{guardian-lockdown-uk,
    year={2020},
    title={‘I feel like a 1950s housewife’: how lockdown has exposed the gender divide},
    author={Donna Ferguson},
    day={03},
    month={05},
    journal={The Guardian},
    source={https://www.theguardian.com/world/2020/may/03/i-feel-like-a-1950s-housewife-how-lockdown-has-exposed-the-gender-divide}
}
@article{guardian-lockdown-us,
    year=2020,
    author={Lucia Graves},
    title={Women's domestic burden just got heavier with the coronavirus},
    day={16},
    month={03},
    journal={The Guardian},
    source={https://www.theguardian.com/us-news/2020/mar/16/womens-coronavirus-domestic-burden}
}

@inproceedings{chen2016xgboost,
  title={Xgboost: A scalable tree boosting system},
  author={Chen, Tianqi and Guestrin, Carlos},
  booktitle={Proceedings of the 22nd acm sigkdd international conference on knowledge discovery and data mining},
  pages={785--794},
  year={2016}
}

@article{mcinnes2018umap,
  title={Umap: Uniform manifold approximation and projection for dimension reduction},
  author={McInnes, Leland and Healy, John and Melville, James},
  journal={arXiv preprint arXiv:1802.03426},
  year={2018}
}

@book{efficientLearningMachines,
author = {Awad, Mariette and Khanna, Rahul},
title = {Efficient Learning Machines: Theories, Concepts, and Applications for Engineers and System Designers},
year = {2015},
isbn = {1430259892},
publisher = {Apress},
address = {USA},
edition = {1st}
}

@inproceedings{adaboost,
author = {Schapire, Robert E.},
title = {A Brief Introduction to Boosting},
year = {1999},
publisher = {Morgan Kaufmann Publishers Inc.},
address = {San Francisco, CA, USA},
booktitle = {Proceedings of the 16th International Joint Conference on Artificial Intelligence - Volume 2},
pages = {1401–1406},
numpages = {6},
location = {Stockholm, Sweden},
series = {IJCAI’99}
}